@article{smartphonestat,
    author  = "eMarketer; United Nations",
    title   = "Smartphone user penetration as percentage of total global population from 2014 to 2020",
    year    = "2016",
    url = "https://www.statista.com/statistics/203734/global-smartphone-penetration-per-capita-since-2005/"
    journal= "Statista - The Statistics Portal"
}

@inproceedings{Milicevic,
 author = {Milicevic, Aleksandar and Jackson, Daniel and Gligoric, Milos and Marinov, Darko},
 title = {Model-based, Event-driven Programming Paradigm for Interactive Web Applications},
 booktitle = {Proceedings of the 2013 ACM International Symposium on New Ideas, New Paradigms, and Reflections on Programming \& Software},
 series = {Onward! 2013},
 year = {2013},
 isbn = {978-1-4503-2472-4},
 location = {Indianapolis, Indiana, USA},
 pages = {17--36},
 numpages = {20},
 url = {http://doi.acm.org/10.1145/2509578.2509588},
 doi = {10.1145/2509578.2509588},
 acmid = {2509588},
 publisher = {ACM},
 address = {New York, NY, USA},
 keywords = {automatic programming, declarative programming, distributed, event-driven, interactive, model-based, software design, web applications},
} 

@misc{Meteor,
  source={Meteor, Inc.},
  title = {Meteor: A better way to build apps},
  howpublished = {\url{http://www.meteor.com}},
  note = {September 2013}
}

@misc{salsaandroid,
  source={Atul Sandur},
  title = {SALSA for Android},
  howpublished = {\url{https://sites.google.com/site/atulsandur/software}},
  note = {October 2017}
}

@misc{chatapp,
  title = {Kotlin language},
  howpublished = {\url{https://kotlinlang.org/}}
}

@misc{kotlin,
  title = {Sample chat application using SALSA and Kotlin},
  howpublished = {\url{https://github.com/athuls/akka-resources/tree/master/salsa}}
}

@incollection{actors,
    author = {Agha, Gul and Hewitt, Carl},
    title = {Actors: A Conceptual Foundation for Concurrent Object-Oriented
             Programming},
    booktitle = {Research Directions in Object-Oriented Programming},
    year = {1987},
    pages = {49-74},
    dblpkey = {books/mit/shriverW87/AghaH87},
    mdate = {2002-01-03}
}

@article{Varela:2001:PDR:583960.583964,
 author = {Varela, Carlos and Agha, Gul},
 title = {Programming Dynamically Reconfigurable Open Systems with SALSA},
 journal = {SIGPLAN Not.},
 issue_date = {December 2001},
 volume = {36},
 number = {12},
 month = dec,
 year = {2001},
 issn = {0362-1340},
 pages = {20--34},
 numpages = {15},
 url = {http://doi.acm.org/10.1145/583960.583964},
 doi = {10.1145/583960.583964},
 acmid = {583964},
 publisher = {ACM},
 address = {New York, NY, USA},
 keywords = {SALSA, actors, continuations, internet, java, mobile computing, network computing, open systems, programming languages},
} 

@inproceedings{McCutchen:2016:OSN:2986012.2986018,
 author = {McCutchen, Matt and Itzhaky, Shachar and Jackson, Daniel},
 title = {Object Spreadsheets: A New Computational Model for End-user Development of Data-centric Web Applications},
 booktitle = {Proceedings of the 2016 ACM International Symposium on New Ideas, New Paradigms, and Reflections on Programming and Software},
 series = {Onward! 2016},
 year = {2016},
 isbn = {978-1-4503-4076-2},
 location = {Amsterdam, Netherlands},
 pages = {112--127},
 numpages = {16},
 url = {http://doi.acm.org/10.1145/2986012.2986018},
 doi = {10.1145/2986012.2986018},
 acmid = {2986018},
 publisher = {ACM},
 address = {New York, NY, USA},
 keywords = {End-user development},
} 

@ARTICLE{7879258, 
author={P. Mach and Z. Becvar}, 
journal={IEEE Communications Surveys Tutorials}, 
title={Mobile Edge Computing: A Survey on Architecture and Computation Offloading}, 
year={2017}, 
volume={19}, 
number={3}, 
pages={1628-1656}, 
keywords={mobile computing;software architecture;MEC;TIE;architecture offloading;battery life-time;computation offloading;delay;energy consumption;limited battery capacity;mobile edge computing;mobile network;mobility management;technological evolution of mobile user equipment;Batteries;Cloud computing;Delays;Edge computing;Mobile communication;Mobile computing;Tutorials;Mobile edge computing;allocation of computing resources;computation offloading;mobile network architecture;mobility management;standardization;use-cases}, 
doi={10.1109/COMST.2017.2682318}, 
ISSN={}, 
month={thirdquarter},}

@inproceedings{orleans,
title = {Geo-Distribution of Actor-Based Services},
author  = {Philip A. Bernstein and Sebastian Burckhardt and Sergey Bykov and Natacha Crooks and Jose Faleiro and Gabriel Kliot and Alok Kumbhare and Muntasir Raihan Rahman and Vivek Shah and Adriana Szekeres and Jorgen Thelin},
year  = {2017},
URL = {https://www.microsoft.com/en-us/research/publication/geo-distribution-of-actor-based-services/}
}

